@phdthesis{theile1980lokalisation,
type = {Dissertation},
title = {{\"U}ber die Lokalisation im {\"u}berlagerten Schallfeld},
school = {Technische Universit{\"a}t Berlin},
author = {Theile, G{\"u}nther},
year = 1980,
}
