@inproceedings{melchior2008optimization,
title = {User-dependent Optimization of {Wave Field Synthesis} Reproduction for Directive Sound Fields},
booktitle = {124\textsuperscript{th} Convention of the Audio Engineering Society},
author = {Melchior, Frank and Sladeczek, Christoph and de Vries, Diemer and Fr{\"o}hlich, Bernd},
year = 2008,
month = may,
}
url = {http://en.scientificcommons.org/52298044},

@inproceedings{springer2006stereo_displays,
title = {Combining {Wave Field Synthesis} and Multi-viewer Stereo Displays},
booktitle = {{IEEE} Virtual Reality Conference},
author = {Springer, Jan P. and Sladeczek, Christoph and Scheffler, Martin and Hochstrate, Jan and Melchior, Frank and Fr{\"o}hlich, Bernd},
year = 2006,
pages = {237--240},
}
url = {http://ieeexplore.ieee.org/xpls/abs_all.jsp?arnumber=1667649},

@phdthesis{verheijen1998wfs,
type = {{Ph.D.} Thesis},
title = {Sound Reproduction by {Wave Field Synthesis}},
school = {Delft University of Technology},
author = {Verheijen, Edwin N. G.},
year = 1998,
}
url = {http://resolver.tudelft.nl/uuid:9a35b281-f19d-4f08-bec7-64f6920a3821},

@phdthesis{vogel1993wfs,
type = {{Ph.D.} Thesis},
title = {Application of {Wave Field Synthesis} in Room Acoustics},
school = {Delft University of Technology},
author = {Vogel, Peter},
year = 1993,
}
url = {http://www.narcis.nl/publication/RecordID/oai:tudelft.nl:uuid:4d236099-096e-444c-bf40-b7b163076bf6},

@phdthesis{start1997wfs,
type = {{Ph.D.} Thesis},
title = {Direct Sound Enhancement by {Wave Field Synthesis}},
school = {Delft University of Technology},
author = {Start, Evert W.},
year = 1997,
}
url = {http://www.narcis.nl/publication/RecordID/oai:tudelft.nl:uuid:c80d5b58-67d3-4d84-9e73-390cd30bde0d},

@phdthesis{hulsebos2004auralization,
type = {{Ph.D.} Thesis},
title = {Auralization using {Wave Field Synthesis}},
school = {Delft University of Technology},
author = {Hulsebos, Edo Maria},
year = 2004,
}

@inproceedings{spors2007selection,
title = {Extension of an Analytic Secondary Source Selection Criterion for {Wave Field Synthesis}},
booktitle = {123\textsuperscript{rd} Convention of the Audio Engineering Society},
author = {Spors, Sascha},
month = oct,
year = 2007,
}
url = {http://www.aes.org/e-lib/browse.cfm?elib=14356},

@inproceedings{ahrens2007directional,
title = {Implementation of Directional Sources In {Wave Field Synthesis}},
booktitle = {IEEE Workshop on Applications of Signal Processing to Audio and Acoustics},
author = {Ahrens, Jens and Spors, Sascha},
month = oct,
year = 2007,
pages = {66--69},
}
doi = {10.1109/ASPAA.2007.4393024},

@article{corteel2007directional,
title = {Synthesis of Directional Sources Using {Wave Field Synthesis}, Possibilities, and Limitations},
journal = {EURASIP Journal on Advances in Signal Processing},
author = {Corteel, Etienne},
year = 2007,
note = {Article ID 90509},
}
issn = {1687-6180},
url = {http://asp.eurasipjournals.com/content/2007/1/090509/abstract},
doi = {10.1155/2007/90509},

@techreport{wittek2002opsi,
type = {Technical report},
title = {{OPSI:} A Hybrid {WFS}/Phantom Source Solution to Avoid Spatial Aliasing},
institution = {Institut f{\"u}r Rundfunktechnik},
author = {Wittek, Helmut},
month = apr,
year = 2002,
}

@phdthesis{labeeuw1998optimization,
type = {{M.Sc.} Thesis},
title = {Optimization of Amplitude Distributions in {Wave Field Synthesis} applied to Early Reflections and Virtual Sources},
school = {Delft University of Technology},
author = {Labeeuw, Joeri M. J.},
month = sep,
year = 1998,
}

@phdthesis{sonke2000variable,
type = {{Ph.D.} Thesis},
title = {Variable Acoustics by {Wave Field Synthesis}},
school = {Delft University of Technology},
author = {Sonke, Jan-Jakob},
year = 2000,
}
url = {http://resolver.tudelft.nl/uuid:2039d23c-4da3-4021-9fb1-2c21b4cf7275},

@article{berkhout1988holographic,
title = {A Holographic Approach to Acoustic Control},
volume = 36,
number = 12,
journal = {Journal of the Audio Engineering Society},
author = {Berkhout, Augustinus J.},
year = 1988,
pages = {977--995},
},

@article{berkhout1993wfs,
title = {Acoustic Control by {Wave Field Synthesis}},
volume = 93,
number = 5,
journal = {Journal of the Acoustical Society of America},
author = {Berkhout, Augustinus J. and de Vries, Diemer and Vogel, Peter},
year = 1993,
pages = {2764--2778},
}

@inproceedings{leslie2009installations,
title = {{Wavefield Synthesis} for Interactive Sound Installations},
booktitle = {127\textsuperscript{th} Convention of the Audio Engineering Society},
author = {Leslie, Grace and Schwarz, Diemo and Warusfel, Olivier and Bevilacqua, Frederic and Jodlowski, Pierre},
month = oct,
year = 2009,
}

@article{corteel2006equalization,
title = {Equalization in an Extended Area Using Multichannel Inversion and {Wave Field Synthesis}},
volume = 54,
number = 12,
journal = {Journal of the Audio Engineering Society},
author = {Corteel, Etienne},
year = 2006,
pages = {1140--1161},
},
url = {http://www.aes.org/e-lib/browse.cfm?elib=13892},

@inproceedings{spors2010prefilter,
title = {Analysis and Improvement of Pre-Equalization in 2.5-Dimensional {Wave Field Synthesis}},
booktitle = {128\textsuperscript{th} Convention of the Audio Engineering Society},
author = {Spors, Sascha and Ahrens, Jens},
month = may,
year = 2010,
}
url = {http://www.aes.org/e-lib/browse.cfm?elib=15418},

@inproceedings{apel2004equalization,
title = {Equalization of Wave Field Synthesis Systems},
booktitle = {116\textsuperscript{th} Convention of the Audio Engineering Society},
author = {Apel, Andreas and Roeder, Thomas and Brix, Sandra},
month = may,
year = 2004,
}
url = {http://www.aes.org/e-lib/browse.cfm?elib=12788},

@inproceedings{spors2009focused,
title = {Physical and Perceptual Properties of Focused Sources in {Wave Field
Synthesis}},
booktitle = {127\textsuperscript{th} Convention of the Audio Engineering Society},
author = {Spors, Sascha and Wierstorf, Hagen and Geier, Matthias and Ahrens, Jens},
month = oct,
year = 2009,
}

@inproceedings{melchior2005ar,
title = {Authoring and User Interaction for the Production of {Wave Field Synthesis} Content in an Augmented Reality System},
booktitle = {Fourth IEEE and ACM International Symposium on Mixed and Augmented Reality},
author = {Melchior, Frank and Laubach, Tobias and de Vries, Diemer},
year = 2005,
pages = {48--51},
}
doi = {10.1109/ISMAR.2005.20},

@inproceedings{fohl2013gesture,
title = {A Gesture Control Interface for a {Wave Field Synthesis} System},
booktitle = {13\textsuperscript{th} International Conference on New Interfaces for Musical Expression},
author = {Fohl, Wolfgang and Nogalski, Malte},
year = 2013,
month = may,
}
url = {http://nime2013.kaist.ac.kr/program/papers/day2/paper7/106/106_Paper.pdf},
