@article{rayleigh1907sound_direction,
title = {{XII:} {On} Our Perception of Sound Direction},
volume = {13},
number = {74},
journal = {Philosophical Magazine Series 6},
author = {{{\noopsort{Rayleigh}}Lord Rayleigh (a.k.a. J. W. Strutt)}},
year = 1907,
pages = {214--232},
}

@article{moller1992fundamentals,
title = {Fundamentals of Binaural Technology},
volume = {36},
number = {3--4},
journal = {Applied Acoustics},
author = {M{\o}ller, Henrik},
year = 1992,
pages = {171--218},
}

@inproceedings{wenzel1990convolvotron,
title = {A System for Three-dimensional Acoustic "Visualization" in a Virtual Environment Workstation},
booktitle = {1\textsuperscript{st} IEEE Conference on Visualization},
author = {Wenzel, Elizabeth M. and Fisher, Scott S. and Stone, Philip K. and Foster, Scott H.},
year = 1990,
pages = {329--337},
}

@inproceedings{wenzel1988display,
title = {A Virtual Display System for Conveying Three-dimensional Acoustic Information},
volume = 32,
number = 2,
booktitle = {Human Factors and Ergonomics Society Annual Meeting},
author = {Wenzel, Elizabeth M. and Wightman, Frederic L. and Foster, Scott H.},
year = 1988,
month = oct,
pages = {86--90},
}
url = {http://pro.sagepub.com/content/32/2/86.short},

@article{wenzel1988development,
title = {Development of a three-dimensional auditory display system},
volume = {20},
number = {2},
journal = {{SIGCHI} Bulletin},
author = {Wenzel, Elizabeth M. and Wightman, Frederic L. and Foster, Scott H.},
month = oct,
year = 1988,
pages = {52--57},
}
url = {http://dl.acm.org/citation.cfm?id=54405},

@techreport{doll1986directional_audio,
address = {{Wright-Patterson} Airforce Base, {OH}},
type = {USAF Report},
title = {Development of Simulated Directional Audio for Cockpit Applications},
number = {AAMRL-TR-86-014},
institution = {Armstrong Aerospace Medical Research Laboratory},
author = {Doll, Theodore J. and Gerth, Jeffrey M. and Engelman, William R. and Folds, Dennis J.},
year = 1986,
}
url = {http://oai.dtic.mil/oai/oai?verb=getRecord&metadataPrefix=html&identifier=ADA175350},

@article{plenge1974localization_lateralization,
title = {On the Differences between Localization and Lateralization},
volume = 56,
number = 3,
journal = {Journal of the Acoustical Society of America},
author = {Plenge, Georg},
year = 1974,
pages = {944--951},
}
doi = {10.1121/1.1903353},
url = {http://link.aip.org/link/?JAS/56/944/1},

@book{blauert1997spatial_hearing,
title = {Spatial Hearing: The Psychophysics of Human Sound Localization},
publisher = {MIT Press},
author = {Blauert, Jens},
year = 1997,
}

@article{gardner1973median_plane,
title = {Problem of Localization in the Median Plane: Effect of Pinnae Cavity Occlusion},
volume = 53,
number = 2,
journal = {The Journal of the Acoustical Society of America},
author = {Gardner, Mark B. and Gardner, Robert S.},
year = 1973,
pages = {400--408},
}
doi = {10.1121/1.1913336},
url = {http://link.aip.org/link/?JAS/53/400/1},

@article{thurlow1967head_movements,
title = {Effect of Induced Head Movements on Localization of Direction of Sounds},
volume = 42,
number = 2,
journal = {Journal of the Acoustical Society of America},
author = {Thurlow, Willard R. and Runge, Philip S.},
year = 1967,
pages = {480--488},
}
doi = {10.1121/1.1910604},
url = {http://link.aip.org/link/?JAS/42/480/1},

@article{butler1977spectral_cues,
title = {Spectral Cues Utilized in the Localization of Sound in the Median Sagittal Plane},
volume = 61,
number = 5,
journal = {Journal of the Acoustical Society of America},
author = {Butler, Robert A. and Belendiuk, Krystyna},
year = 1977,
pages = {1264--1269},
}
doi = {10.1121/1.381427},
url = {http://link.aip.org/link/?JAS/61/1264/1},

@incollection{shaw1974external,
series = {Handbook of Sensory Physiology},
title = {The External Ear},
volume = {V/1},
booktitle = {Auditory System: Anatomy Physiology (Ear)},
publisher = {Springer},
author = {Shaw, Edgar A. G.},
editor = {Keidel, Wolf D. and Neff, William D.},
year = 1974,
pages = {455--490},
}
doi = {10.1007/978-3-642-65829-7_14},
url = {http://link.springer.com/chapter/10.1007/978-3-642-65829-7_14},
